=LDR  00000nam a2200000Ia 45e0
=008  240828s9999\\\\xx\\\\\\\\\\\\000\0\und\d
=245  \2$aA Proposed Agricultural Produce and Handicraft Products Center in the town of San Miguel, Bohol
=245  \0$bby Ma. Catherine J. Danie, Jenifer P. Fernandez, Biena Mae P. Paquinol
=260  \\$aTagbilaran City   
=260  \\$bBISU-MC
=260  \\$c2022
=300  \\$aiii, 120 pages
=876  \\$aBISU-MC-000001
=876  \\$bBISUMC-T-2023000001
=876  \\$hFor room use only
=876  \\$jInventoried
=876  \\$tCopy 1

