=LDR  00000nam a2200000Ia 45e0
=008  240828s9999\\\\xx\\\\\\\\\\\\000\0\und\d
=245  \0$aAqua Pisces tilapia farm, Poblacion, Maribojoc, Bohol
=245  \0$bby Zamoras, Maricor O.
=260  \\$aTagbilaran City   
=260  \\$bBISU-MC
=260  \\$c2014
=300  \\$a61
=876  \\$aBISU-MC-000002
=876  \\$bBISUMC-T-2023000002
=876  \\$hFor room use only
=876  \\$jInventoried
=876  \\$tCopy 1

