=LDR  00000nam a2200000Ia 45e0
=008  240828s9999\\\\xx\\\\\\\\\\\\000\0\und\d
=245  \0$aBamboo Stripping Machine for Amakan Production
=245  \0$bby Banga, Jehmar F., Dalagan, John Denmarc D., Obut, Malvin Ray B. and Marmito, Mariano A. 
=260  \\$aTagbilaran City   
=260  \\$bBISU-MC
=260  \\$c2022
=300  \\$avi, 64 pages
=876  \\$aBISU-MC-000003
=876  \\$bBISUMC-T-2023000003
=876  \\$hFor room use only
=876  \\$jInventoried
=876  \\$tCopy 1

