=LDR  00000nam a2200000Ia 45e0
=008  240828s9999\\\\xx\\\\\\\\\\\\000\0\und\d
=245  \0$aChec En Poultry Farm at Cantuba, Buenavista, Bohol
=245  \0$bby Elden P. Cuyos
=260  \\$aTagbilaran City   
=260  \\$bBISU-MC
=260  \\$c2021
=300  \\$ax, 79 pages
=876  \\$aBISU-MC-000004
=876  \\$bBISUMC-T-2023000004
=876  \\$hFor room use only
=876  \\$jInventoried
=876  \\$tCopy 1

