=LDR  00000nam a2200000Ia 45e0
=008  240828s9999\\\\xx\\\\\\\\\\\\000\0\und\d
=245  \0$aCombined Rice Straw Shredder and Agricultural Mixer f or Fertilizer and Food for Carabao
=245  \0$bby Darlanne Bless D., Aira Yda Mae E., Duero, Bless Le P. and Jabbah, Jayson P.
=260  \\$aTagbilaran City   
=260  \\$bBISU-MC
=260  \\$c2021
=300  \\$avi, 86 pages
=876  \\$aBISU-MC-000005
=876  \\$bBISUMC-T-2023000005
=876  \\$hFor room use only
=876  \\$jInventoried
=876  \\$tCopy 1

