=LDR  00000nam a2200000Ia 45e0
=008  240828s9999\\\\xx\\\\\\\\\\\\000\0\und\d
=245  \0$aEffectiveness of sargassum as organic fertilizer
=245  \0$bby Liza L. Aracap, Sunshine Y. Jamero, Catherine E. Marimon, Marsha L. Salise
=260  \\$aTagbilaran City   
=260  \\$bBISU-MC
=260  \\$c2014
=300  \\$avi, 48 pages
=876  \\$aBISU-MC-000006
=876  \\$bBISUMC-T-2023000006
=876  \\$hFor room use only
=876  \\$jInventoried
=876  \\$tCopy 1

