=LDR  00000nam a2200000Ia 45e0
=008  240828s9999\\\\xx\\\\\\\\\\\\000\0\und\d
=245  \0$aEstablishment of Charm's Manokan at Cabawan, Maribojoc, Bohol
=245  \0$bby Alangilan, Mary Grace Z., Jaictin, Riche, Nuera, Angelie Mae H. and Vinas, Charlotte C.
=260  \\$aTagbilaran City   
=260  \\$bBISU-MC
=260  \\$c2022
=300  \\$aiv, 110 pages
=876  \\$aBISU-MC-000007
=876  \\$bBISUMC-T-2023000007
=876  \\$hFor room use only
=876  \\$jInventoried
=876  \\$tCopy 1

