=LDR  00000nam a2200000Ia 45e0
=008  240828s9999\\\\xx\\\\\\\\\\\\000\0\und\d
=245  \0$aFairy-crops Organic Vegetable Farm Calape, Bohol
=245  \0$bby Boyonas, Eliza Mae O., Escabusa, Emily P., Guardiana, Diane M., Pingkian, Aira B., and Piodos, Krizzia Fatima 
=260  \\$aTagbilaran City   
=260  \\$bBISU-MC
=260  \\$c2022
=300  \\$av, 109 pages
=876  \\$aBISU-MC-000008
=876  \\$bBISUMC-T-2023000008
=876  \\$hFor room use only
=876  \\$jInventoried
=876  \\$tCopy 1

