=LDR  00000nam a2200000Ia 45e0
=008  240828s9999\\\\xx\\\\\\\\\\\\000\0\und\d
=245  \0$aFish scale: a substitute for commercial sequins
=245  \0$bby Fatima Anne A. Adame, Maben Carmel B. Iyog, Angelica C. Torralba 
=260  \\$aTagbilaran City   
=260  \\$bBISU-MC
=260  \\$c2014
=300  \\$aix, 44 pages
=876  \\$aBISU-MC-000009
=876  \\$bBISUMC-T-2023000009
=876  \\$hFor room use only
=876  \\$jInventoried
=876  \\$tCopy 1

