=LDR  00000nam a2200000Ia 45e0
=008  240828s9999\\\\xx\\\\\\\\\\\\000\0\und\d
=245  \0$aFree Irrigation Service Act (R.A. No. 10969): Contribution to Small-Scale Farmers' Status of Living 
=245  \0$bby Rosemarie A. Pandan
=260  \\$aTagbilaran City   
=260  \\$bBISU-MC
=260  \\$c2019
=300  \\$aix, 79 pages
=876  \\$aBISU-MC-000010
=876  \\$bBISUMC-T-2023000010
=876  \\$hFor room use only
=876  \\$jInventoried
=876  \\$tCopy 1

