=LDR  00000nam a2200000Ia 45e0
=008  240828s9999\\\\xx\\\\\\\\\\\\000\0\und\d
=245  \0$aFree-Range Chicken Farm in Lombog, Guindulman, Bohol
=245  \0$bby Vincent G. Penido
=260  \\$aTagbilaran City   
=260  \\$bBISU-MC
=260  \\$c2022
=300  \\$aix, 86 pages
=876  \\$aBISU-MC-000011
=876  \\$bBISUMC-T-2023000011
=876  \\$hFor room use only
=876  \\$jInventoried
=876  \\$tCopy 1

