=LDR  00000nam a2200000Ia 45e0
=008  240828s9999\\\\xx\\\\\\\\\\\\000\0\und\d
=245  \0$aGiant Swamp Taro (Cyrtosperma Merkusii) Flour Kropek
=245  \0$bby Antonett L. Abugan, Aphril Rose S. Paguican
=260  \\$aTagbilaran City   
=260  \\$bBISU-MC
=260  \\$c2022
=300  \\$aix, 61 pages
=876  \\$aBISU-MC-000012
=876  \\$bBISUMC-T-2023000012
=876  \\$hFor room use only
=876  \\$jInventoried
=876  \\$tCopy 1

