=LDR  00000nam a2200000Ia 45e0
=008  240828s9999\\\\xx\\\\\\\\\\\\000\0\und\d
=245  \0$aGmelina (Gmelina arborea L.) fruit extract as organic pesticide
=245  \0$bby Heidi M. Boyras, Shara Mae T. Idul, Aika Mae L. Llorente
=260  \\$aTagbilaran City   
=260  \\$bBISU-MC
=260  \\$c2016
=300  \\$aviii, 39 pages
=876  \\$aBISU-MC-000013
=876  \\$bBISUMC-T-2023000013
=876  \\$hFor room use only
=876  \\$jInventoried
=876  \\$tCopy 1

