=LDR  00000nam a2200000Ia 45e0
=008  240828s9999\\\\xx\\\\\\\\\\\\000\0\und\d
=245  \0$aInsulacoir: Coconut Fiber as Thermal Insulation for Roof
=245  \0$bby Llagas, John Kevin B., Tentativa, Karl Louisse T., Pocot, Dominico B. and Tapay, Apreal Jan T.
=260  \\$aTagbilaran City   
=260  \\$bBISU-MC
=260  \\$c2021
=300  \\$av, 52 pages
=876  \\$aBISU-MC-000014
=876  \\$bBISUMC-T-2023000014
=876  \\$hFor room use only
=876  \\$jInventoried
=876  \\$tCopy 1

