=LDR  00000nam a2200000Ia 45e0
=008  240828s9999\\\\xx\\\\\\\\\\\\000\0\und\d
=245  \0$aHybrid Electronic Water Pump Controller
=245  \0$bby Joanne J. Ruloma, Sarigumba, Gayle V., Torrefiel, Connie P., Tista Jr., Jose Reno J.
=260  \\$aTagbilaran City   
=260  \\$bBISU-MC
=260  \\$c2022
=300  \\$aviii, 61 pages
=876  \\$aBISU-MC-000015
=876  \\$bBISUMC-T-2023000015
=876  \\$hFor room use only
=876  \\$jInventoried
=876  \\$tCopy 1

