=LDR  00000nam a2200000Ia 45e0
=008  240828s9999\\\\xx\\\\\\\\\\\\000\0\und\d
=245  \0$aManga Fish Port: Sustainable Enhancement through Aqua-Architecture and Biophilic Design 
=245  \0$bby Clovis Val E. Bolasco
=260  \\$aTagbilaran City   
=260  \\$bBISU-MC
=260  \\$c2022
=300  \\$avi, 95 pages
=876  \\$aBISU-MC-000016
=876  \\$bBISUMC-T-2023000016
=876  \\$hFor room use only
=876  \\$jInventoried
=876  \\$tCopy 1

