=LDR  00000nam a2200000Ia 45e0
=008  240828s9999\\\\xx\\\\\\\\\\\\000\0\und\d
=245  \0$aMaribojoc organic demonstration farm: its economic and environmental contribution
=245  \0$bby Maryjoy Barbie L.Torres, Vivien B. Amodia, Micah haide Ampog 
=260  \\$aTagbilaran City   
=260  \\$bBISU-MC
=260  \\$c2017
=300  \\$avi, 36 pages
=876  \\$aBISU-MC-000017
=876  \\$bBISUMC-T-2023000017
=876  \\$hFor room use only
=876  \\$jInventoried
=876  \\$tCopy 1

