=LDR  00000nam a2200000Ia 45e0
=008  240828s9999\\\\xx\\\\\\\\\\\\000\0\und\d
=245  \0$aModified Achiote Extraction
=245  \0$bby Cailing, Ian G., Lumanta, Malvin C., Ducot, Gilberto N. and Madulara, Kristian Angelo C.
=260  \\$aTagbilaran City   
=260  \\$bBISU-MC
=260  \\$c2021
=300  \\$aix, 62 pages
=876  \\$aBISU-MC-000018
=876  \\$bBISUMC-T-2023000018
=876  \\$hFor room use only
=876  \\$jInventoried
=876  \\$tCopy 1

