=LDR  00000nam a2200000Ia 45e0
=008  240828s9999\\\\xx\\\\\\\\\\\\000\0\und\d
=245  \0$aNon-Potable Water Through a Greywater Filtering Equipment
=245  \0$bby Johnsy Paul Alaba, Rex Michael Lumentac, Steffie Mari Visarra
=260  \\$aTagbilaran City   
=260  \\$bBISU-MC
=260  \\$c2022
=300  \\$aviii, 78 pages
=876  \\$aBISU-MC-000019
=876  \\$bBISUMC-T-2023000019
=876  \\$hFor room use only
=876  \\$jInventoried
=876  \\$tCopy 1

