=LDR  00000nam a2200000Ia 45e0
=008  240828s9999\\\\xx\\\\\\\\\\\\000\0\und\d
=245  \0$aPagsibol: A Proposed Agriculture Research Center on Crop Protection 
=245  \0$bby Aparicio, Quirlson J., Bagcatin, Aprille Anjulie B., Galon, Christopher John D. and Israel, Gino G.
=260  \\$aTagbilaran City   
=260  \\$bBISU-MC
=260  \\$c2022
=300  \\$aix, 59 pages
=876  \\$aBISU-MC-000020
=876  \\$bBISUMC-T-2023000020
=876  \\$hFor room use only
=876  \\$jInventoried
=876  \\$tCopy 1

