=LDR  00000nam a2200000Ia 45e0
=008  240828s9999\\\\xx\\\\\\\\\\\\000\0\und\d
=245  \0$aPerceived Effects of Climate Change to the Socio-Demographic Status of the Small-Scale Fisherfolks in Talibon, Bohol
=245  \0$bby Poquita, Kent Dexter C., Cuyno, Agnes G., Gastanes, Jenny G. and Oronan, Roniel A.
=260  \\$aTagbilaran City   
=260  \\$bBISU-MC
=260  \\$c2022
=300  \\$avi, 69 pages
=876  \\$aBISU-MC-000021
=876  \\$bBISUMC-T-2023000021
=876  \\$hFor room use only
=876  \\$jInventoried
=876  \\$tCopy 1

