=LDR  00000nam a2200000Ia 45e0
=008  240828s9999\\\\xx\\\\\\\\\\\\000\0\und\d
=245  \0$aPiggery Farm: Perceived Effects on the Health and Environmental Conditions of Nearby Residents
=245  \0$bby Melisa J. Sumaylo, Mary Ann C. Abanto, Angeli Joy T. Asa
=260  \\$aTagbilaran City   
=260  \\$bBISU-MC
=260  \\$c2020
=300  \\$avii, 66 pages
=876  \\$aBISU-MC-000022
=876  \\$bBISUMC-T-2023000022
=876  \\$hFor room use only
=876  \\$jInventoried
=876  \\$tCopy 1

