=LDR  00000nam a2200000Ia 45e0
=008  240828s9999\\\\xx\\\\\\\\\\\\000\0\und\d
=245  \0$aPiggybest Farm at Mahayag Sur, Catigbian, Bohol 
=245  \0$bby Rica P. Romorosa
=260  \\$aTagbilaran City   
=260  \\$bBISU-MC
=260  \\$c2022
=300  \\$axiii, 89 pages
=876  \\$aBISU-MC-000023
=876  \\$bBISUMC-T-2023000023
=876  \\$hFor room use only
=876  \\$jInventoried
=876  \\$tCopy 1

