=LDR  00000nam a2200000Ia 45e0
=008  240828s9999\\\\xx\\\\\\\\\\\\000\0\und\d
=245  \0$aPig bones as organic fertilizer
=245  \0$bby Christine M. Ayento, Mary Jane M. Mangyao, Joselle C. Socorin 
=260  \\$aTagbilaran City   
=260  \\$bBISU-MC
=260  \\$c2015
=300  \\$aviii, 45 pages
=876  \\$aBISU-MC-000024
=876  \\$bBISUMC-T-2023000024
=876  \\$hFor room use only
=876  \\$jInventoried
=876  \\$tCopy 1

