=LDR  00000nam a2200000Ia 45e0
=008  240828s9999\\\\xx\\\\\\\\\\\\000\0\und\d
=245  \0$a"San Roques's Besst Baboy" in San Roque, Maribojoc, Bohol 
=245  \0$bby Batingal, Riza L., Escabarte, Kent A., Solijon, Ella A. and Talingting, Wendessa A.
=260  \\$aTagbilaran City   
=260  \\$bBISU-MC
=260  \\$c2021
=300  \\$axi, 71 pages
=876  \\$aBISU-MC-000025
=876  \\$bBISUMC-T-2023000025
=876  \\$hFor room use only
=876  \\$jInventoried
=876  \\$tCopy 1

