=LDR  00000nam a2200000Ia 45e0
=008  240828s9999\\\\xx\\\\\\\\\\\\000\0\und\d
=245  \0$aSEIS NIÑA organic veggies at Hanopol, Balilihan, Bohol 
=245  \0$bby Analyn Gallibot, Claire Gemila Bañoc, Jonalyn Caitom, Mila Dogoy, Jessica Gamino, Carmela Pejano
=260  \\$aTagbilaran City   
=260  \\$bBISU-MC
=260  \\$c2016
=300  \\$a85
=876  \\$aBISU-MC-000026
=876  \\$bBISUMC-T-2023000026
=876  \\$hFor room use only
=876  \\$jInventoried
=876  \\$tCopy 1

