=LDR  00000nam a2200000Ia 45e0
=008  240828s9999\\\\xx\\\\\\\\\\\\000\0\und\d
=245  \0$aSolar Powered Automatic Fish Feeder Machine for Milkfish Reared in Floating Bamboo Fishcages
=245  \0$bby Casilac, Kyle Marvin T., Bernabe, Jay-ar D., Gonzalos, Erwin T., and Granaderos, Joshua A. 
=260  \\$aTagbilaran City   
=260  \\$bBISU-MC
=260  \\$c2023
=300  \\$avii, 100 pages
=876  \\$aBISU-MC-000027
=876  \\$bBISUMC-T-2023000027
=876  \\$hFor room use only
=876  \\$jInventoried
=876  \\$tCopy 1

