=LDR  00000nam a2200000Ia 45e0
=008  240828s9999\\\\xx\\\\\\\\\\\\000\0\und\d
=245  \0$aSolar Powered Boat Equipped with Real-Time Water Quality Monitoring System for Fish Farm and Aquaculture 
=245  \0$bby Marc Laurence L. Techo, Earl Emerson R. Beniga, Hasmen S. Estrada
=260  \\$aTagbilaran City   
=260  \\$bBISU-MC
=260  \\$c2021
=300  \\$aix, 99 pages
=876  \\$aBISU-MC-000028
=876  \\$bBISUMC-T-2023000028
=876  \\$hFor room use only
=876  \\$jInventoried
=876  \\$tCopy 1

