=LDR  00000nam a2200000Ia 45e0
=008  240828s9999\\\\xx\\\\\\\\\\\\000\0\und\d
=245  \4$aThe Impact of seaweed farming and fishing to the residents of Barangay Hingotanan, Bien Unido, Bohol 
=245  \0$bby Shara Mae O. Yung
=260  \\$aTagbilaran City   
=260  \\$bBISU-MC
=260  \\$c2014
=300  \\$avii, 53 pages
=876  \\$aBISU-MC-000029
=876  \\$bBISUMC-T-2023000029
=876  \\$hFor room use only
=876  \\$jInventoried
=876  \\$tCopy 1

