=LDR  00000nam a2200000Ia 45e0
=008  240828s9999\\\\xx\\\\\\\\\\\\000\0\und\d
=245  \0$aWind-Powered Led Light for Fishing Boats
=245  \0$bby Lourdes B. Maputol, Laika Mae S. Tagalogon, Antonio D. Favila Jr. 
=260  \\$aTagbilaran City   
=260  \\$bBISU-MC
=260  \\$c2022
=300  \\$avii, 73 pages
=876  \\$aBISU-MC-000030
=876  \\$bBISUMC-T-2023000030
=876  \\$hFor room use only
=876  \\$jInventoried
=876  \\$tCopy 1


